@BOOK{PrSh,
   author = "Ф. Препарата, М. Шеймос",
   title = "Вычислительная геометрия: введение",
   publisher = "Мир",
   year = 1989
}