@book{PrSh,
   author = "Ф. Препарата, М. Шеймос",
   title = "Вычислительная геометрия: введение",
   publisher = "Мир",
   year = 1989,
   address = "М.",
   language = "russian"
}
@book{AHU,
   author = "А. Ахо, Дж. Хопкрофт, Дж. Ульман",
   title = "Построение и анализ вычислительных алгоритмов",
   publisher = "Мир",
   address = "М.",
   year = "1979",
   language = "russian"
}
@masterthesis{NGRID,
   author = "А. Ковалев",
   title = "Массовая задача определения кратчайшего расстояния до многоугольников на плоскости",
   school = "СПбГУ ИТМО",
   year = 2004,
   language = "russian"
}

@article{MarNav,
   author = "Christopher M. Gold",
   title = "The use of the Dynamic Voronoi Data Structure in Autonomous Marine Navigation.",
   pages = "217--220",
   year = "1998",
   journal = "29th International Symposium on Robotics",

   language = "english"
}
@article{CGinGIS,
   author = "L. De Floriani, P. Magillo, E. Puppo",
   title = "Applications of Computational Geometry to Geographic Information Systems",
   year = "1999",
   journal = "Elsevier Science",
   pages = "333--388",
   language = "english"
}
@book{DnCG,
   author = "J. O’Rourke",
   title = "Handbook of Discrete and Computational Geometry",
   publisher = "CRC Press",
   year = "1997",
   editor = "J.E. Goodman and J. O’Rourke",
   language = "english"
}
@article{QT,
   author = "R. Finkel, J.L. Bentley",
   title = "Quad Trees: A Data Structure for Retrieval on Composite Keys",
   year = 1974,
   journal = "Acta Informatica",
   pages = "1--9",
   language = "english"
}
@INPROCEEDINGS{SQT,
    author = "Michael T. Goodrich and Jonathan Z. Sun",
    title = "The skip quadtree: a simple dynamic data structure for multidimensional data",
    booktitle = "In Proc. 21st ACM Symposium on Computational Geometry",
    year = "2005",
    pages = "296--305",
    publisher = "ACM",
    language = "english"
}
@INPROCEEDINGS{FANN,
    author = {Marius Muja and David G. Lowe},
    title = {Fast approximate nearest neighbors with automatic algorithm configuration},
    booktitle = {In VISAPP International Conference on Computer Vision Theory and Applications},
    year = {2009},
    pages = {331--340},
   language = "english"
}
@article{CGAL,
   title = "CGAL: User and reference manual. Release 3.9",
   year = 2011,
   month = 09,
   language = "english"
}
@INPROCEEDINGS{SVD,
    author = {Menelaos I. Karavelas},
    title = {A robust and efficient implementation for the segment Voronoi diagram},
    booktitle = {Proc. 1 st Int. Symp. on Voronoi Diagrams in Science and Engineering},
    year = {2004},
    pages = {51--62},
   language = "english"
}
@inbook{LENV,
   author = {Matousek, Jiri},
   title = {Lectures on Discrete Geometry},
   year = {2002},
   chapter = "7",
   isbn = {0387953744},
   publisher = {Springer-Verlag New York, Inc.},
   address = {Secaucus, NJ, USA},
   language = "english"
} 

@book{AVOR,
   title={Approximating Generalized Voronoi Diagrams in Any Dimension},
   author={J. Vleugels},
   series={Department of Computer Science, Utrecht University},
   year={1995},
   language = "english"
}

@article{ROBUS,
   author = {Kettner, Lutz and Mehlhorn, Kurt and Pion, Sylvain and Schirra, Stefan and Yap, Chee},
   title = {Classroom examples of robustness problems in geometric computations},
   journal = {Comput. Geom. Theory Appl.},
   issue_date = {May, 2008},
   volume = {40},
   number = {1},
   month = "may",
   year = {2008},
   pages = {61--78},
   numpages = {18},
   publisher = {Elsevier Science Publishers B. V.},
   language = "english"
} 

@ARTICLE{FRONTIERSEARCH,
   author = {Umut Acar, Arthur Charguerard, Mike Rainey},
   title = {Fast Parallel Graph-Search with Splittable and Catenable Frontiers},
   year = {2015},
   language = "english"
}

@ARTICLE{CHUNKEDSEQ,
   author = {Umut Acar, Arthur Charguerard, Mike Rainey},
   title = {Theory and Practice of Chunked Sequences},
   year = {2014},
   journal = {Algorithms-ESA 2014},   
   language = "english"
}

@ARTICLE{LIGRA,
   author = {Julian Shun, Guy E. Blelloch},
   title = {Ligra: A Lightweight Graph Processing
Framework for Shared Memory},
   year = {2013},
   journal = {ACM SIGPLAN Notices},
   language = "english"
}

@MISC{STANFORDGRAPHS,
	title = {Stanford large network dataset collection},
	url = {http://snap.stanford.edu/}
}

@MISC{CILK,
	title = {Intel. Cilk Plus},
	url = {http://www.cilkplus.org/}
}

@MISC{PASL,
	title = {Parallel Algorithm Scheduling Library},
	url = {http://deepsea.inria.fr/pasl/}
}

@MISC{HYPERTHREADING,
	title = {Intel Hyper-Threading Technology},
	url = {http://www.intel.com/content/www/us/en/architecture-and-technology/hyper-threading/hyper-threading-technology.html}
}



@article{GAURAV,
   author = {Gaurav Hajela, Manish Pandey},
   title = {Parallel Implementations for Solving Shortest Path Problem using Bellman-Ford},
   year = {2014},
   journal = {International Journal of Computer Applications},
   language = "english"
}

@article{COHEN,
   author = {David Cohen, Matthew Dallas},
   title = {Implementation of Parallel Path Finding in a Shared Memory Architecture},
   year = {2010},
   language = "english"
}

@article{SEIDEL,
   author = {Raimund Seidel},
   title = {On the All-Pairs-Shortest-Path Problem in Unweighted Undirected Graphs},
   journal = {Journal of computer and and system sciences},
   volume = {51},
   year = {1995},
   pages = {400--403},
   language = "english"
} 

